% Encoding: UTF-8

@Manual{man06,
  author = {Forschungsgesellschaft f{\"u}r Stra{\ss}en- und Verkehrswesen. Arbeitsgruppe Stra{\ss}enentwurf},
  title  = {Merkblatt f√ºr die Anlage von Kreisverkehren},
  year   = {2006},
}

@book{rast06,
  title={Richtlinien f{\"u}r die Anlage von Stadtstra{\ss}en: RASt 06},
  author={Forschungsgesellschaft f{\"u}r Stra{\ss}en- und Verkehrswesen. Arbeitsgruppe Stra{\ss}enentwurf},
  isbn={9783939715214},
  series={FGSV (Series)},
  year={2007},
  shorthand = {RASt},
  publisher={FGSV-Verlag}
}

@book{ral13,
  title={Richtlinien f{\"u}r die Anlage von Landstrassen (RAL)},
  author={Forschungsgesellschaft f{\"u}r Stra{\ss}en- und Verkehrswesen. Arbeitsgruppe Stra{\ss}enentwurf},
  series={FGSV (Series)},
  year={2013},
  shorthand = {RAL},
  publisher={FGSV-Verlag}
}

@article{navarro2010pedestrian,
  title={Pedestrian detection and tracking using three-dimensional ladar data},
  author={Navarro-Serment, Luis E and Mertz, Christoph and Hebert, Martial},
  journal={The International Journal of Robotics Research},
  year={2010},
  publisher={Sage Publications}
}

@article{navarro2008ladar,
  title={LADAR-based pedestrian detection and tracking},
  author={Navarro-Serment, Luis E and Mertz, Christoph and Vandapel, Nicolas and Hebert, Martial},
  journal={Robotics Institute},
  pages={343},
  year={2008}
}

@inproceedings{stowers2011quadrotor,
  title={Quadrotor Helicopter Flight Control Using Hough Transform and Depth Map from a Microsoft Kinect Sensor.},
  author={Stowers, John and Hayes, Michael P and Bainbridge-Smith, Andrew},
  booktitle={MVA},
  pages={352--356},
  year={2011},
  organization={Citeseer}
}

@inproceedings{rastelli2011autonomous,
  title={Autonomous driving manoeuvres in urban road traffic environment: a study on roundabouts},
  author={Rastelli, Joshu{\'e} P{\'e}rez and Milan{\'e}s, Vicente and De Pedro, Teresa and Vlacic, Ljubo},
  booktitle={Proceedings of the 18th World Congress The International Federation of Automatic Control},
  year={2011}
}


@Comment{jabref-meta: databaseType:bibtex;}
